<record><leader>00000cas a2200000 i 4500</leader><controlfield tag="001">704987467</controlfield><controlfield tag="006">m     o  d        </controlfield><controlfield tag="007">cr |n|||||||||</controlfield><controlfield tag="008">040513d19202012orudn neo     0    0eng c</controlfield><datafield ind1=" " ind2=" " tag="010"><subfield code="a">  2016260195</subfield></datafield><datafield ind1=" " ind2=" " tag="040"><subfield code="a">TOH</subfield><subfield code="b">eng</subfield><subfield code="e">rda</subfield><subfield code="e">pn</subfield><subfield code="c">TOH</subfield><subfield code="d">OCLCQ</subfield><subfield code="d">OCLCF</subfield><subfield code="d">OCLCO</subfield><subfield code="d">TEFOD</subfield><subfield code="d">OCL</subfield><subfield code="d">TEFOD</subfield><subfield code="d">ORU</subfield><subfield code="d">OCLCQ</subfield><subfield code="d">OCLCO</subfield></datafield><datafield ind1=" " ind2=" " tag="042"><subfield code="a">pcc</subfield></datafield><datafield ind1=" " ind2=" " tag="043"><subfield code="a">n-us-or</subfield></datafield><datafield ind1=" " ind2="4" tag="050"><subfield code="a">LH1.O744</subfield></datafield><datafield ind1="0" ind2="4" tag="082"><subfield code="a">378.795/31</subfield><subfield code="2">23</subfield></datafield><datafield ind1="0" ind2="0" tag="245"><subfield code="a">Oregon daily emerald.</subfield></datafield><datafield ind1="1" ind2=" " tag="246"><subfield code="i">Issues for Oct. 31, 1969-June 4, 1970 have title:</subfield><subfield code="a">Emerald</subfield></datafield><datafield ind1="1" ind2="7" tag="246"><subfield code="a">Daily emerald</subfield><subfield code="f">Oct. 23, 1941-&lt;May 28, 1948&gt;</subfield></datafield><datafield ind1=" " ind2="1" tag="264"><subfield code="a">Eugene, Or. :</subfield><subfield code="b">Associated Students of the University of Oregon,</subfield><subfield code="c">1920-2012.</subfield></datafield><datafield ind1="2" ind2="1" tag="264"><subfield code="3">&lt;Apr. 13, 1970&gt;-Apr. 19, 1971</subfield><subfield code="a">Eugene, Or. :</subfield><subfield code="b">Publications Board of the University of Oregon</subfield></datafield><datafield ind1="2" ind2="1" tag="264"><subfield code="3">Apr. 20, 1971-Oct. 14, 1974 :</subfield><subfield code="a">Eugene, Or. :</subfield><subfield code="b">Oregon Daily Emerald Board of Directors</subfield></datafield><datafield ind1="3" ind2="1" tag="264"><subfield code="3">Oct. 15, 1974-Aug. 27, 2012 :</subfield><subfield code="a">Eugene, Or. :</subfield><subfield code="b">Oregon Daily Emerald Pub. Co.</subfield></datafield><datafield ind1=" " ind2=" " tag="300"><subfield code="a">1 online resource</subfield></datafield><datafield ind1=" " ind2=" " tag="310"><subfield code="a">5 days a week (except twice weekly in summer),</subfield><subfield code="b">1975-</subfield></datafield><datafield ind1=" " ind2=" " tag="321"><subfield code="a">Five days a week (during fall, winter and spring sessions),</subfield><subfield code="b">1920-1969</subfield></datafield><datafield ind1=" " ind2=" " tag="321"><subfield code="a">5 days a week,</subfield><subfield code="b">1970-1974</subfield></datafield><datafield ind1=" " ind2=" " tag="336"><subfield code="a">text</subfield><subfield code="b">txt</subfield><subfield code="2">rdacontent</subfield></datafield><datafield ind1=" " ind2=" " tag="337"><subfield code="a">computer</subfield><subfield code="b">c</subfield><subfield code="2">rdamedia</subfield></datafield><datafield ind1=" " ind2=" " tag="338"><subfield code="a">online resource</subfield><subfield code="b">cr</subfield><subfield code="2">rdacarrier</subfield></datafield><datafield ind1="1" ind2=" " tag="362"><subfield code="a">Print began with Volume 22, Number 1 (September 29, 1920) and cease with Aug. 27, 2012.</subfield></datafield><datafield ind1=" " ind2=" " tag="515"><subfield code="a">Issue for August 27, 2012 lacks numbering but constitutes Vol. 114, Issue 18 or 19.</subfield></datafield><datafield ind1=" " ind2=" " tag="550"><subfield code="a">Issued by: University of Oregon, School of Journalism.</subfield></datafield><datafield ind1=" " ind2=" " tag="580"><subfield code="a">Has summer ed. with title: Summer sun, 1920-1923, 1936-1949, 1951-1961; Summer session sun, 1924-1935; Summer emerald, 1950, 1962-1965; Oregon summer emerald, 1966-1969.</subfield></datafield><datafield ind1=" " ind2=" " tag="588"><subfield code="a">Description based on print: Volume 22, Number 1 (September 29, 1920).</subfield></datafield><datafield ind1=" " ind2=" " tag="588"><subfield code="a">Latest issue consulted: August 27, 2012 (University of Oregon, Oregon Digital, viewed June 28, 2016).</subfield></datafield><datafield ind1="2" ind2="0" tag="610"><subfield code="a">University of Oregon</subfield><subfield code="v">Newspapers.</subfield></datafield><datafield ind1=" " ind2="0" tag="651"><subfield code="a">Eugene (Or.)</subfield><subfield code="v">Newspapers.</subfield></datafield><datafield ind1=" " ind2="0" tag="650"><subfield code="a">College students</subfield><subfield code="z">Oregon</subfield><subfield code="z">Eugene</subfield><subfield code="v">Newspapers.</subfield></datafield><datafield ind1=" " ind2="0" tag="650"><subfield code="a">College student newspapers and periodicals</subfield><subfield code="z">Oregon</subfield><subfield code="z">Eugene.</subfield></datafield><datafield ind1="2" ind2="7" tag="610"><subfield code="a">University of Oregon.</subfield><subfield code="2">fast</subfield><subfield code="0">(OCoLC)fst00549753</subfield></datafield><datafield ind1=" " ind2="7" tag="650"><subfield code="a">College student newspapers and periodicals.</subfield><subfield code="2">fast</subfield><subfield code="0">(OCoLC)fst00867966</subfield></datafield><datafield ind1=" " ind2="7" tag="650"><subfield code="a">College students.</subfield><subfield code="2">fast</subfield><subfield code="0">(OCoLC)fst00867976</subfield></datafield><datafield ind1=" " ind2="7" tag="651"><subfield code="a">Oregon</subfield><subfield code="z">Eugene.</subfield><subfield code="2">fast</subfield><subfield code="0">(OCoLC)fst01205922</subfield></datafield><datafield ind1=" " ind2="7" tag="655"><subfield code="a">Newspapers.</subfield><subfield code="2">fast</subfield><subfield code="0">(OCoLC)fst01423814</subfield></datafield><datafield ind1=" " ind2="7" tag="655"><subfield code="a">Newspapers.</subfield><subfield code="2">lcgft</subfield></datafield><datafield ind1="2" ind2=" " tag="710"><subfield code="a">University of Oregon.</subfield><subfield code="b">School of Journalism,</subfield><subfield code="e">issuing body.</subfield></datafield><datafield ind1=" " ind2=" " tag="752"><subfield code="a">United States</subfield><subfield code="b">Oregon</subfield><subfield code="c">Lane</subfield><subfield code="d">Eugene.</subfield></datafield><datafield ind1="1" ind2=" " tag="775"><subfield code="t">Summer sun (Eugene, Or. : 1918)</subfield></datafield><datafield ind1="1" ind2=" " tag="775"><subfield code="t">Summer session sun</subfield></datafield><datafield ind1="1" ind2=" " tag="775"><subfield code="t">Summer sun (Eugene, Or. : 1936)</subfield></datafield><datafield ind1="1" ind2=" " tag="775"><subfield code="t">Summer emerald (Eugene, Or. : 1950)</subfield></datafield><datafield ind1="1" ind2=" " tag="775"><subfield code="t">Summer sun (Eugene, Or. : 1951)</subfield></datafield><datafield ind1="1" ind2=" " tag="775"><subfield code="t">Summer emerald (Eugene, Or. : 1962)</subfield></datafield><datafield ind1="1" ind2=" " tag="775"><subfield code="t">Oregon summer emerald</subfield></datafield><datafield ind1="0" ind2="8" tag="776"><subfield code="i">Print version:</subfield><subfield code="t">Oregon daily emerald</subfield><subfield code="w">(DLC)  2004260239</subfield><subfield code="w">(OCoLC)55134738</subfield></datafield><datafield ind1="0" ind2="0" tag="780"><subfield code="t">Oregon emerald</subfield></datafield><datafield ind1="0" ind2="0" tag="785"><subfield code="t">E (Eugene, Or.)</subfield><subfield code="w">(DLC)  2016260199</subfield><subfield code="w">(OCoLC)952423757</subfield></datafield><datafield ind1="4" ind2="0" tag="856"><subfield code="u">http://oregondigital.org/digcol/ode/</subfield><subfield code="z">University of Oregon Libraries Oregon Daily Emerald Archives</subfield></datafield></record>